

@inproceedings{Flach2015,
  title={Precision-recall-gain curves: {PR} analysis done right},
  author={Flach, Peter and Kull, Meelis},
  booktitle={Advances in Neural Information Processing Systems},
  pages={838--846},
  year={2015}
}

@article{Pedregosa2011,
  title={Scikit-learn: {Machine} learning in {Python}},
  author={Pedregosa, Fabian and Varoquaux, Ga{\"e}l and Gramfort, Alexandre and Michel, Vincent and Thirion, Bertrand and Grisel, Olivier and Blondel, Mathieu and Prettenhofer, Peter and Weiss, Ron and Dubourg, Vincent and others},
  journal={Journal of Machine Learning Research},
  volume={12},
  pages={2825--2830},
  year={2011}
}

@article{Cole2015,
  title={Too many digits: the presentation of numerical data},
  author={Cole, TJ},
  journal={Archives of Disease in Childhood},
  year={2015},
  publisher={BMJ Publishing Group Ltd}
}

@article{Gneiting2007,
  title={Strictly proper scoring rules, prediction, and estimation},
  author={Gneiting, Tilmann and Raftery, Adrian E},
  journal={Journal of the American Statistical Association},
  volume={102},
  number={477},
  pages={359--378},
  year={2007},
  publisher={Taylor \& Francis}
}

@article{Platt1999,
  title={Probabilistic outputs for support vector machines and comparisons to regularized likelihood methods},
  author={Platt, John},
  journal={Advances in Large Margin Classifiers},
  volume={10},
  number={3},
  pages={61--74},
  year={1999}
}

@inproceedings{Kull2017,
  title = 	 {Beta calibration: {A} well-founded and easily implemented improvement on logistic calibration for binary classifiers},
  author = 	 {Meelis Kull and Telmo Silva Filho and Peter Flach},
  booktitle = 	 {Proceedings of the International Conference on Artificial Intelligence and Statistics},
  pages = 	 {623--631},
  year = 	 {2017},
  volume = 	 {54}
}

@article{Audibert2009,
  title={Exploration--exploitation tradeoff using variance estimates in multi-armed bandits},
  author={Audibert, Jean-Yves and Munos, R{\'e}mi and Szepesv{\'a}ri, Csaba},
  journal={Theoretical Computer Science},
  volume={410},
  number={19},
  pages={1876--1902},
  year={2009},
  publisher={Elsevier}
}

@book{Efron1994,
  title={An Introduction to the Bootstrap},
  author={Efron, Bradley and Tibshirani, Robert J},
  year={1994},
  publisher={CRC press}
}

@misc{Marchini2013,
  author        = {Jonathan Marchini},
  title         = {Lecture notes in Foundations of Statistical Inference},
  year          = {2013},
  publisher = {University of Oxford}
}

